<record><leader>00000cas a2200000 a 4500</leader><controlfield tag="001">42245483</controlfield><controlfield tag="008">990825d19221974oruwr ne      0    0eng c</controlfield><datafield ind1=" " ind2=" " tag="010"><subfield code="a">sn 99063854 </subfield></datafield><datafield ind1=" " ind2=" " tag="040"><subfield code="a">OCN</subfield><subfield code="b">eng</subfield><subfield code="c">OCN</subfield><subfield code="d">OCLCQ</subfield><subfield code="d">OCLCF</subfield><subfield code="d">OCLCO</subfield></datafield><datafield ind1=" " ind2=" " tag="042"><subfield code="a">pcc</subfield></datafield><datafield ind1=" " ind2=" " tag="043"><subfield code="a">n-us-or</subfield></datafield><datafield ind1="0" ind2="0" tag="245"><subfield code="a">Vernonia eagle.</subfield></datafield><datafield ind1=" " ind2=" " tag="260"><subfield code="a">Vernonia, Or. :</subfield><subfield code="b">P.S. Robinson,</subfield><subfield code="c">-1974.</subfield></datafield><datafield ind1=" " ind2=" " tag="300"><subfield code="a">v.</subfield></datafield><datafield ind1=" " ind2=" " tag="310"><subfield code="a">Weekly</subfield></datafield><datafield ind1="1" ind2=" " tag="362"><subfield code="a">Began in 1922.</subfield></datafield><datafield ind1="0" ind2=" " tag="362"><subfield code="a">-v. 52, no. 38 (Sept. 19, 1974).</subfield></datafield><datafield ind1=" " ind2=" " tag="500"><subfield code="a">1925 includes the Verhian, a newspaper published by the Vernonia high school students.</subfield></datafield><datafield ind1=" " ind2=" " tag="500"><subfield code="a">1927-1928 includes the Cactus flat catamount, a society newspaper published by the Laurence Lockney.</subfield></datafield><datafield ind1=" " ind2=" " tag="500"><subfield code="a">1927-1935 includes the Timber line, a newspaper published by the Vernonia high school students.</subfield></datafield><datafield ind1=" " ind2=" " tag="500"><subfield code="a">1969-1974 includes the Timberline, a newspaper published by the Vernonia high school students.</subfield></datafield><datafield ind1=" " ind2=" " tag="530"><subfield code="a">Also issued on microfilm from University of Oregon.</subfield></datafield><datafield ind1=" " ind2=" " tag="580"><subfield code="a">Merged with: Scappoose spotlight, to form: Columbia County herald.</subfield></datafield><datafield ind1=" " ind2=" " tag="588"><subfield code="a">Description based on: Vol. 1, no. 2 (Aug. 11, 1922).</subfield></datafield><datafield ind1=" " ind2="0" tag="651"><subfield code="a">Vernonia (Or.)</subfield><subfield code="v">Newspapers.</subfield></datafield><datafield ind1=" " ind2="7" tag="655"><subfield code="a">Newspapers.</subfield><subfield code="2">fast</subfield><subfield code="0">(OCoLC)fst01423814</subfield></datafield><datafield ind1=" " ind2="7" tag="651"><subfield code="a">Oregon</subfield><subfield code="z">Vernonia.</subfield><subfield code="2">fast</subfield><subfield code="0">(OCoLC)fst01865129</subfield></datafield><datafield ind1="0" ind2="2" tag="740"><subfield code="a">Verhian.</subfield></datafield><datafield ind1="0" ind2="2" tag="740"><subfield code="a">Cactus flat catamount.</subfield></datafield><datafield ind1="0" ind2="2" tag="740"><subfield code="a">Timber line.</subfield></datafield><datafield ind1="0" ind2="2" tag="740"><subfield code="a">Timberline.</subfield></datafield><datafield ind1=" " ind2=" " tag="752"><subfield code="a">United States</subfield><subfield code="b">Oregon</subfield><subfield code="c">Columbia</subfield><subfield code="d">Vernonia.</subfield></datafield><datafield ind1="1" ind2="7" tag="785"><subfield code="t">Scappoose spotlight</subfield><subfield code="w">(DLC)sn 99063855</subfield></datafield><datafield ind1="1" ind2="7" tag="785"><subfield code="t">Columbia County herald</subfield><subfield code="w">(DLC)sn 99063856</subfield></datafield></record>